% Encoding: UTF-8

@Book{Torge1999,
  author    = {Торге, В.},
  editor    = {{А. П. Юзефовича, пер. с англ. {Г. А. Шанурова}}},
  publisher = {М.: Мир},
  title     = {Гравиметрия},
  year      = {1999},
  pages     = {429},
  language  = {russian},
}

@Book{Yuzefovich2014,
  author    = {Юзефович, А. П.},
  publisher = {М.: Изд-во МИИГАиК},
  title     = {Поле силы тяжести и его изучение: учебное пособие},
  year      = {2014},
  pages     = {194},
  language  = {russian},
}

@Book{Yuzefovich1980,
  author    = {{Юзефович, А. П.} and {Огородова, Л. В.}},
  publisher = {М.: Недра},
  title     = {Гравиметрия: Учебник для вузов},
  year      = {1980},
  pages     = {320},
  language  = {russian},
}

@Book{Moritz1983,
  author    = {Мориц, Г.},
  publisher = {М.: Недра},
  title     = {Современная физическая геодезия},
  year      = {1983},
  pages     = {391},
  language  = {russian},
}

@Book{Moritz2007,
  author    = {Гофман-Велленгоф, Б. and Мориц, Г.},
  editor    = {{Неймана, Ю. М.}},
  publisher = {М.: Изд-во МИИГАиК},
  title     = {Физическая геодезия},
  year      = {2007},
  pages     = {426},
  language  = {russian},
}

@Book{Ogorodova2006,
  author    = {Огородова, Л. В.},
  publisher = {М.: Геодезкартиздат},
  title     = {Высшая геодезия. Часть III. Теоретическая геодезия: Учебник для вузов},
  year      = {2006},
  pages     = {384},
  language  = {russian},
}

@Book{Pellinen1978,
  author    = {Пеллинен, Л. П.},
  publisher = {М.: Недра},
  title     = {Высшая геодезия (Теоретическая геодезия)},
  year      = {1978},
  pages     = {264},
  language  = {russian},
}

@Book{Ogorodova2013,
  author    = {Огородова, Л. В.},
  publisher = {М.: Изд-во МИИГАиК},
  title     = {Основы теории потенциала. Гравитационное поле Земли, Луны и планет. Учебное пособие.},
  year      = {2013},
  pages     = {108},
  language  = {russian},
}

@Book{Ogorodova2011,
  author    = {Огородова, Л. В.},
  publisher = {М.: Изд-во МИИГАиК},
  title     = {Нормальное поле и определение аномального потенциала (текст лекций по геодезической гравиметрии и теории фигуры Земли): Учебное пособие},
  year      = {2011},
  pages     = {105},
  language  = {russian},
}

@Book{Shimbirev1975,
  author    = {Шимбирев, Б. П.},
  publisher = {М.: Недра},
  title     = {Теория фигуры Земли},
  year      = {1975},
  pages     = {432},
  language  = {russian},
}

@Article{CODATA2014,
  author   = {Peter J. Mohr and David B. Newell and Barry N. Taylor},
  journal  = {Journal of Physical and Chemical Reference Data},
  pages    = {043102},
  title    = {CODATA Recommended Values of the Fundamental Physical Constants: 2014},
  volume   = {45},
  year     = {2016},
  number   = {4},
  language = {english},
  doi      = {10.1063/1.4954402},
  url      = {https://doi.org/10.1063/1.4954402},
}

@Book{Newton1687,
  author    = {Ньютон, И.},
  publisher = {М.: Наука},
  title     = {Математические начала натуральной философии / Перевод с латинского и примечания А. Н. Крылова},
  year      = {1989},
  pages     = {688},
  series    = {Классики науки},
  language  = {russian},
  owner     = {ilya},
  timestamp = {2018.02.12},
}

@Comment{jabref-meta: databaseType:bibtex;}
